<record><leader>00000cas a22000007a 4500</leader><controlfield tag="001">15050163</controlfield><controlfield tag="008">870109d19011902aluwr ne      0    0eng d</controlfield><datafield ind1=" " ind2=" " tag="010"><subfield code="a">sn 87050002 </subfield></datafield><datafield ind1=" " ind2=" " tag="040"><subfield code="a">AAR</subfield><subfield code="b">eng</subfield><subfield code="c">AAR</subfield><subfield code="d">CPN</subfield><subfield code="d">OCLCQ</subfield></datafield><datafield ind1=" " ind2=" " tag="042"><subfield code="a">msc</subfield></datafield><datafield ind1="0" ind2=" " tag="130"><subfield code="a">Lawrence county news (Courtland, Ala.)</subfield></datafield><datafield ind1="1" ind2="0" tag="245"><subfield code="a">Lawrence county news.</subfield></datafield><datafield ind1=" " ind2=" " tag="260"><subfield code="a">Courtland, Ala. :</subfield><subfield code="b">[s.n.],</subfield><subfield code="c">1901-1902.</subfield></datafield><datafield ind1=" " ind2=" " tag="300"><subfield code="a">v.</subfield></datafield><datafield ind1=" " ind2=" " tag="310"><subfield code="a">Weekly</subfield></datafield><datafield ind1="0" ind2=" " tag="362"><subfield code="a">Vol. 1, no. 1 (May 2, 1901)-v. 2, no. 14 (Aug. 8, 1902).</subfield></datafield><datafield ind1=" " ind2=" " tag="500"><subfield code="a">Editor: L.E. Brown.</subfield></datafield><datafield ind1=" " ind2=" " tag="752"><subfield code="a">United States</subfield><subfield code="b">Alabama</subfield><subfield code="c">Lawrence</subfield><subfield code="d">Courtland.</subfield></datafield><datafield ind1="1" ind2=" " tag="029"><subfield code="a">AU@</subfield><subfield code="b">000025820320</subfield></datafield></record>